@inproceedings{srebro2003weighted,
  title={Weighted low-rank approximations},
  author={Srebro, Nathan and Jaakkola, Tommi},
  booktitle={ICML},
  volume={3},
  number={2003},
  pages={720--727},
  year={2003}
}
@inproceedings{meng2013robust,
  title={Robust matrix factorization with unknown noise},
  author={Meng, Deyu and De La Torre, Fernando},
  booktitle={Proceedings of the IEEE International Conference on Computer Vision},
  pages={1337--1344},
  year={2013}
}
@inproceedings{yang2011robust,
  title={Robust sparse coding for face recognition},
  author={Yang, Meng and Zhang, Lei and Yang, Jian and Zhang, David},
  booktitle={Computer Vision and Pattern Recognition (CVPR), 2011 IEEE Conference on},
  pages={625--632},
  year={2011},
  organization={IEEE}
}
@article{higham2002computing,
  title={Computing the nearest correlation matrix—a problem from finance},
  author={Higham, Nicholas J},
  journal={IMA Journal of Numerical Analysis},
  volume={22},
  number={3},
  pages={329--343},
  year={2002},
  publisher={Oxford University Press}
}

@book{stein2009real,
  title={Real Analysis: Measure Theory, Integration, and Hilbert Spaces},
  author={Stein, Elias M and Shakarchi, Rami},
  year={2009},
  publisher={Princeton University Press}
}
@article{huber1973robust,
  title={Robust regression: asymptotics, conjectures and Monte Carlo},
  author={Huber, Peter J},
  journal={The Annals of Statistics},
  pages={799--821},
  year={1973},
  publisher={JSTOR}
}



@article{GillisGlineur,
author = {Nicolas Gillis and François Glineur},
title = {Low-Rank Matrix Approximation with Weights or Missing Data Is NP-Hard},
journal = {SIAM Journal on Matrix Analysis and Applications},
volume = {32},
number = {4},
pages = {1149-1165},
year = {2011},
}


